
@book{mainzer_kunstliche_nodate,
	title = {Künstliche Intelligenz – Wann übernehmen die Maschinen?},
	isbn = {978-3-662-58046-2},
	abstract = {Jeder kennt sie. Smartphones, die mit uns sprechen, Armbanduhren, die unsere Gesundheitsdaten aufzeichnen, Arbeitsabläufe, die sich automatisch organisieren, Autos, Flugzeuge und Drohnen, die sich selber steuern, Verkehrs- und Energiesysteme mit autonomer Logistik oder Roboter, die ferne Planeten erkunden, sind technische Beispiele einer vernetzten Welt intelligenter Systeme. Machine Learning verändert unsere Zivilisation dramatisch. Wir verlassen uns immer mehr auf effiziente Algorithmen, weil die Komplexität unserer zivilisatorischen Infrastruktur sonst nicht zu bewältigen ist.
Aber wie sicher sind {KI}-Algorithmen? Diese Herausforderung wird in der 2.Auflage aufgegriffen:  Komplexe neuronale Netze werden mit riesigen Datenmengen (Big Data) gefüttert und trainiert. Die Anzahl der dazu notwenigen Parameter explodiert exponentiell. Niemand weiß genau, was sich in diesen „Black Boxes“ im Einzelnen abspielt. Im Machine Learning benötigen wir mehr Erklärung (explainability) und Zurechnung (accountability) von Ursachen und Wirkungen, um ethische und rechtliche Fragen der Verantwortung (z.B. beim autonomen Fahren oder in der Medizin) entscheiden zu können!
Seit ihrer Entstehung ist die {KI}-Forschung mit großen Visionen über die Zukunft der Menschheit verbunden. Sie ist bereits eine Schlüsseltechnologie, die den globalen Wettstreit der Gesellschaftssysteme entscheiden wird. „Künstliche Intelligenz und Verantwortung“ ist eine weitere zentrale Ergänzung der 2. Auflage: Wie sollen wir unsere individuellen Freiheitsrechte in der {KI}-Welt sichern? Dieses Buch ist ein Plädoyer für Technikgestaltung: {KI} muss sich als Dienstleistung in der Gesellschaft bewähren.},
	publisher = {Springer},
	author = {Mainzer, Klaus},
	urldate = {2019-02-19},
}

@article{taylor_machine_2009,
	title = {Machine Intelligence},
	abstract = {Under  certain  conditions,  we  appear  willing  to  see  and interact with computing machines as though they exhibited intelligence,  at  least  an  intelligence  of  sorts. Using  exam-ples from {AI} and robotics research, as well as a selection of relevant art installations and anthropological fieldwork, t  his paper reflects on some of our interactions with the kinds of machines we seem ready to treat as intelligent. Broadly, it is suggested  that  ordinary,  everyday  ideas  of  intelligence  are not fixed, but rather actively seen and enacted in the world. As such, intelligence does not just belong to the province of the  human  mind,  but  can  emerge  in  quite  different,  unex-pected  forms  in  things.  It  is  proposed  this  opens  up  a  new set of possibilities for design and {HCI}; examining the ways intelligence is seen and enacted gives rise to a very different way  of  thinking  about  the  intersection  between  human  and machine,  and  thus  promotes  some  radically  new  types  of interactions with computing machines.},
	author = {Taylor, Alex S.},
	date = {2009-04-09},
}

@book{sesink_menschliche_nodate,
	title = {Menschliche und künstliche Intelligenz},
	publisher = {Werner Sesink},
	author = {Sesink, Werner},
}

@book{ertel_grundkurs_nodate,
	title = {Grundkurs Künstliche Intelligenz},
	publisher = {Springer},
	author = {Ertel, Wolfgang}
}

@incollection{rich_artificial_nodate,
	title = {Artificial intelligence and the humanities},
	booktitle = {Computers and the humanities},
	publisher = {Paradigm Press},
	author = {Rich, Elaine}
}

@article{wolfangel_wie_2015,
	title = {Wie intelligent können Maschinen sein?},
	url = {https://www.spektrum.de/news/wie-intelligent-koennen-maschinen-sein/1356287},
	author = {Wolfangel, Eva},
	urldate = {2019-02-19},
	date = {2015-07-20}
}

@misc{noauthor_steven_2014,
	title = {Steven Hawking about {AI}},
	url = {https://www.bbc.com/news/technology-30290540},
	urldate = {2019-02-22},
	date = {2014-12-02}
}

@inreference{Dorsch2019,
	title = {Intelligenz, kristalline und fluide},
	url = {https://portal.hogrefe.com/dorsch/intelligenz-kristalline-und-fluide/},
	author = {Händel, Marion},
	publisher = {hogrefe},
	booktitle = {Dorsch – Lexikon der Psychologie}
}

@book{Stern1984,
	title = {Toward a triachic theory of human intelligence. Behavioral and Brain Sciences},
	author = {Sternberg, R.J.},
	date = {2014-01-06},
	publisher = {Cambridge University Press},
	pages = {269-287},
}

@book{Gardner1993,
	title = {Multiple Intelligences},
	author = {Gardner, H.},
	date = {1993-20-04},
	publisher = {Basic Books},
}


